@InBook{Rybicka2003,
	author = {Jiří RYBIČKA},
	title = {LATEX pro začátečníky},
	chapter = {Úvod},
	publisher = {Konvoj},
	address = {Brno},
	year = {2003},
	edition = {1},
	ISBN = {80-7302-049-1},
}

@InBook{Kopka2004,
	author = {Helmut. KOPKA and Patrick W. DALY},
 	title = {A guide to LATEX : document preparation for beginners and advanced users},
 	publisher = {Addison-Wesley},
 	year = {1999},
 	address = {Harlow, England Reading, Mass},
	ISBN = {0-201-39825-7},
	
}

@Misc{Found2013,
	author = {Jimmy FOUND and Martin ŠIMEČEK},
	title = {LaTeX 1.\,--\ Co to je a proč se ho chtít učit?},
	howpublished = {[online]},
	year = {rev. 21. srpen 2013},
	url = {http://programujte.com/clanek/2013080500-latex-1-co-to-je-a-proc-se-ho-chtit-ucit/},
}

@Misc{Martinek2013,
	author = {David MARTINEK},
	title = {Používání BibTeXu podle normy ČSN ISO 690i},
	howpublished = {[online]},
	year = {rev. 22. září 2008},
	url = {http://www.fit.vutbr.cz/~martinek/latex/czechiso.html},
}

@Misc{root2001,
	author = {Michal ŠVAMBERG},
	title = {Jak na LaTeX: struktura dokumentu},
	howpublished = {[online]},
	year = {rev. 26. červenec 2001},
	url = {https://www.root.cz/clanky/jak-na-latex-struktura-dokumentu/},
}

@MastersThesis{Bojko2011,
	author = {Pavel BOJKO},
	title = {Problematika sazby odborného textuv prostředí LaTeX},
	school = {Jihočeská univerzita v Českých Budějovicích Přírodovědecká fakulta},
	year = {2011},
	type = {Bakalářská práce},
}

@MastersThesis{Cerny2011,
	author = {Lukáš ČERNÝ},
	title = {Konverze prezentací mezi platformou LaTeX a microsoft power points},
	school = {Vysoké učení technické v Brně. Fakulta informačních technologií. Ústav informačních systémů},
	year = {2011},
	type = {Diplomová práce},
}

@Article{Olsak2014,
	author = {Petr OLŠÁK},
	title = {TeX pro pragmatiky},
	journal = {Zpravodaj Československého sdružení uživatelů TeXu},
	volume = {17},
	number = {2},
	pages = {86},
	year = {2007},
	ISSN = {1211-6661},
}

@Article{ Mendes2018,
	author = {MENDES and JOAQUIM and LARANJEIRO and NUNO and VIEIRA and MARCO},
	title = {Toward characterizing HTML defects on the Web},
	journal = {Software: Practice and Experience},
	volume = {48},
	number = {3},
	pages = {750\,--\,757},
	year = {2018},
	ISSN = {0038-0644 },
}

@Article{Nichols2010,
	author = {Vaughan-NICHOLS, Steven J},
	title = {Will HTML 5 Restandardize the Web?},
	journal = {Computer},
	volume = {43},
	number = {4},
	pages = {13\,--\,15},
	year = {2010},
	ISSN = {0018-9162},
}
